<?xml version="1.0" encoding="UTF-8"?>
<Document xmlns="urn:iso:std:iso:20022:tech:xsd:pain.001.001.03" xmlns:xsi="http://www.w3.org/2001/XMLSchema-instance" xsi:schemaLocation="urn:iso:std:iso:20022:tech:xsd:pain.001.001.03 pain.001.001.03.xsd">
  <CstmrCdtTrfInitn>
    <GrpHdr>
      <MsgId>Compensation XX</MsgId>
      <CreDtTm>2021-03-05T22:00:12.967Z</CreDtTm>
      <NbOfTxs>3</NbOfTxs>
      <CtrlSum>90.00</CtrlSum>
      <InitgPty>
        <Nm>INITIATOR_NAME</Nm>
      </InitgPty>
    </GrpHdr>
    <PmtInf>
      <PmtInfId>Compensation XX</PmtInfId>
      <PmtMtd>TRF</PmtMtd>
      <BtchBookg>false</BtchBookg>
      <NbOfTxs>3</NbOfTxs>
      <CtrlSum>90.00</CtrlSum>
      <PmtTpInf>
        <SvcLvl>
          <Cd>SEPA</Cd>
        </SvcLvl>
      </PmtTpInf>
      <ReqdExctnDt>2021-03-17</ReqdExctnDt>
      <Dbtr>
        <Nm>INITIATOR_NAME</Nm>
      </Dbtr>
      <DbtrAcct>
        <Id>
          <IBAN>INITIATOR_IBAN</IBAN>
        </Id>
      </DbtrAcct>
        <DbtrAgt>
          <FinInstnId>
            <BIC>SOGEFRPP</BIC>
          </FinInstnId>
        </DbtrAgt>
        <CdtTrfTxInf>
          <PmtId>
            <EndToEndId>Compensation XX</EndToEndId>
          </PmtId>
          <Amt>
            <InstdAmt Ccy="EUR">30</InstdAmt>
          </Amt>
            <CdtrAgt>
              <FinInstnId>
                <BIC>BDFEFRPP</BIC>
              </FinInstnId>
            </CdtrAgt>
          <Cdtr>
            <Nm>John</Nm>
          </Cdtr>
          <CdtrAcct>
            <Id>
              <IBAN>FR7630001007941234567890185</IBAN>
            </Id>
          </CdtrAcct>
          <RmtInf>
            <Ustrd>Compensation XX</Ustrd>
          </RmtInf>
        </CdtTrfTxInf>
        <CdtTrfTxInf>
          <PmtId>
            <EndToEndId>Compensation XX</EndToEndId>
          </PmtId>
          <Amt>
            <InstdAmt Ccy="EUR">30</InstdAmt>
          </Amt>
            <CdtrAgt>
              <FinInstnId>
                <BIC>BNPAFRPP</BIC>
              </FinInstnId>
            </CdtrAgt>
          <Cdtr>
            <Nm>Clair</Nm>
          </Cdtr>
          <CdtrAcct>
            <Id>
              <IBAN>FR7630004000031234567890143</IBAN>
            </Id>
          </CdtrAcct>
          <RmtInf>
            <Ustrd>Compensation XX</Ustrd>
          </RmtInf>
        </CdtTrfTxInf>
        <CdtTrfTxInf>
          <PmtId>
            <EndToEndId>Compensation XX</EndToEndId>
          </PmtId>
          <Amt>
            <InstdAmt Ccy="EUR">30</InstdAmt>
          </Amt>
            <CdtrAgt>
              <FinInstnId>
                <BIC>AGRIFRPP</BIC>
              </FinInstnId>
            </CdtrAgt>
          <Cdtr>
            <Nm>Fancy</Nm>
          </Cdtr>
          <CdtrAcct>
            <Id>
              <IBAN>FR7630006000011234567890189</IBAN>
            </Id>
          </CdtrAcct>
          <RmtInf>
            <Ustrd>Compensation XX</Ustrd>
          </RmtInf>
        </CdtTrfTxInf>
    </PmtInf>
  </CstmrCdtTrfInitn>
</Document>
